<record><leader>00000cas a22000007a 4500</leader><controlfield tag="001">26291410</controlfield><controlfield tag="008">920730d19531972ctudn ne      0    0eng d</controlfield><datafield ind1=" " ind2=" " tag="010"><subfield code="a">sn 92051314 </subfield></datafield><datafield ind1=" " ind2=" " tag="040"><subfield code="a">CNW</subfield><subfield code="b">eng</subfield><subfield code="c">CNW</subfield><subfield code="d">OCLCQ</subfield><subfield code="d">OCLCF</subfield><subfield code="d">OCLCO</subfield></datafield><datafield ind1="1" ind2=" " tag="029"><subfield code="a">AU@</subfield><subfield code="b">000020740565</subfield></datafield><datafield ind1=" " ind2=" " tag="042"><subfield code="a">msc</subfield></datafield><datafield ind1=" " ind2=" " tag="043"><subfield code="a">n-us-ct</subfield></datafield><datafield ind1="0" ind2=" " tag="130"><subfield code="a">Meriden journal (Meriden, Conn. : 1953)</subfield></datafield><datafield ind1="1" ind2="0" tag="245"><subfield code="a">Meriden journal.</subfield></datafield><datafield ind1=" " ind2=" " tag="260"><subfield code="a">Meriden, Conn. :</subfield><subfield code="b">Meriden Record Co.</subfield></datafield><datafield ind1=" " ind2=" " tag="300"><subfield code="a">v.</subfield></datafield><datafield ind1=" " ind2=" " tag="310"><subfield code="a">Daily (except Sun. and certain holidays)</subfield></datafield><datafield ind1="0" ind2=" " tag="362"><subfield code="a">65th year, no. 307 (Mar. 4, 1953)-87th year, no. 308 (Dec. 30, 1972).</subfield></datafield><datafield ind1=" " ind2=" " tag="530"><subfield code="a">Available on microfilm from UMI.</subfield></datafield><datafield ind1=" " ind2="0" tag="651"><subfield code="a">Meriden (Conn.)</subfield><subfield code="v">Newspapers.</subfield></datafield><datafield ind1=" " ind2="0" tag="651"><subfield code="a">Southington (Conn.)</subfield><subfield code="v">Newspapers.</subfield></datafield><datafield ind1=" " ind2="0" tag="651"><subfield code="a">Wallingford (Conn.)</subfield><subfield code="v">Newspapers.</subfield></datafield><datafield ind1=" " ind2="0" tag="651"><subfield code="a">Cheshire (Conn.)</subfield><subfield code="v">Newspapers.</subfield></datafield><datafield ind1=" " ind2="0" tag="651"><subfield code="a">Berlin (Conn.)</subfield><subfield code="v">Newspapers.</subfield></datafield><datafield ind1=" " ind2="0" tag="651"><subfield code="a">Middlefield (Conn. : Town)</subfield><subfield code="v">Newspapers.</subfield></datafield><datafield ind1=" " ind2="7" tag="655"><subfield code="a">Newspapers.</subfield><subfield code="2">fast</subfield><subfield code="0">(OCoLC)fst01423814</subfield></datafield><datafield ind1=" " ind2="7" tag="651"><subfield code="a">Connecticut</subfield><subfield code="z">Berlin.</subfield><subfield code="2">fast</subfield><subfield code="0">(OCoLC)fst01215427</subfield></datafield><datafield ind1=" " ind2="7" tag="651"><subfield code="a">Connecticut</subfield><subfield code="z">Cheshire.</subfield><subfield code="2">fast</subfield><subfield code="0">(OCoLC)fst01214391</subfield></datafield><datafield ind1=" " ind2="7" tag="651"><subfield code="a">Connecticut</subfield><subfield code="z">Meriden.</subfield><subfield code="2">fast</subfield><subfield code="0">(OCoLC)fst01213400</subfield></datafield><datafield ind1=" " ind2="7" tag="651"><subfield code="a">Connecticut</subfield><subfield code="z">Middlefield (Town)</subfield><subfield code="2">fast</subfield><subfield code="0">(OCoLC)fst01331468</subfield></datafield><datafield ind1=" " ind2="7" tag="651"><subfield code="a">Connecticut</subfield><subfield code="z">Southington.</subfield><subfield code="2">fast</subfield><subfield code="0">(OCoLC)fst01207140</subfield></datafield><datafield ind1=" " ind2="7" tag="651"><subfield code="a">Connecticut</subfield><subfield code="z">Wallingford.</subfield><subfield code="2">fast</subfield><subfield code="0">(OCoLC)fst01205907</subfield></datafield><datafield ind1=" " ind2=" " tag="752"><subfield code="a">United States</subfield><subfield code="b">Connecticut</subfield><subfield code="c">New Haven</subfield><subfield code="d">Meriden.</subfield></datafield><datafield ind1="0" ind2="0" tag="780"><subfield code="t">Meriden daily journal</subfield><subfield code="w">(DLC)sn 82014348</subfield><subfield code="w">(OCoLC)8776721</subfield></datafield><datafield ind1="0" ind2="0" tag="785"><subfield code="t">Journal (Meriden, Conn.)</subfield><subfield code="w">(DLC)sn 92051346</subfield></datafield></record>